@online{v704,
  title = {Versuch 704:Absorption von \texorpdfstring{$\gamma$}{gamma}- und \texorpdfstring{$\beta$}{beta}-Strahlung},
  urldate = "2018-04-16",
  url ="http://129.217.224.2/HOMEPAGE/PHYSIKER/BACHELOR/AP/SKRIPT/V704.pdf"
}

@online{Nl,
  title = {Loschmidt-Konstante},
  urldate = "2018-04-16",
  url ="http://www.chemie.de/lexikon/Loschmidt-Konstante.html"
}

@online{planck,
  title = {Plancksches Wirkungsquantum},
  urldate = "2018-04-16",
  url ="http://www.chemie.de/lexikon/Plancksches_Wirkungsquantum.html"
}
@online{alu,
  title = {Aluminium},
  urldate = "2018-04-16",
  url ="http://www.chemie.de/lexikon/Aluminium.html"
}
